@web_page{mlit2016,
   author = {国土交通省},
   title = {大規模災害時における市町村対応の現状と課題},
   url = {https://www.mlit.go.jp/river/shinngikai_blog/shityosonshien/dai01kai/pdf/2_genjotokadai.pdf},
   year = {2016},
   access = {2023.1.17},
   yomi = {こくどこうつうしょう},
}
@web_page{mlit2021,
   author = {国土交通省},
   title = {平成30年の土砂災害},
   url = {https://www.mlit.go.jp/river/sabo/jirei/h30dosha/h30doshasai.pdf},
   year = {2021},
   access = {2023.1.17},
   yomi = {こくどこうつうしょう},
}
@web_page{mlit2022water,
   author = {国土交通省},
   title = {令和4年版 日本の水資源の現況 第1章 水の循環と水資源の賦存状況},
   url = {https://www.mlit.go.jp/mizukokudo/mizsei/content/001521357.pdf},
   year = {2022},
   access = {2023.1.17},
   order = {1},
   yomi = {こくどこうつうしょう},
}
@web_page{mlit2022landslide,
   author = {国土交通省},
   title = {令和3年の土砂災害},
   url = {https://www.mlit.go.jp/river/sabo/jirei/r3dosha/r3doshasaigai.pdf},
   year = {2022},
   access = {2023.1.17},
   order = {2},
   yomi = {こくどこうつうしょう},
}
@web_page{cao2014additional,
   author = {内閣府},
   title = {平成26年度版 防災白書 附属資料},
   url = {https://www.bousai.go.jp/kaigirep/hakusho/pdf/H26_fuzokushiryou.pdf},
   year = {2014},
   access = {2023.1.17},
   order = {1},
   yomi = {ないかくふ},
}
@web_page{cao2014main1-1-4-3,
   author = {内閣府},
   pages = {112-115},
   title = {平成26年度版 防災白書 第1部 第1章 第4節 4-3 大規模土砂災害対策},
   url = {https://www.bousai.go.jp/kaigirep/hakusho/pdf/H26_honbun_1-3bu.pdf},
   year = {2014},
   access = {2023.1.17},
   order = {2},
   yomi = {ないかくふ},
}
@web_page{gbrc2019,
   author = {日本建築総合試験所},
   title = {土の含水比試験},
   url = {https://www.gbrc.or.jp/assets/test_series/documents/so_02.pdf},
   year = {2019},
   access = {2023.1.17},
   yomi = {にほんけんちくそうごうしけんじょ},
}
@web_page{maff2015,
   author = {農林水産省},
   title = {土地改良事業設計指針「ため池整備」（案） 参考資料},
   url = {https://www.maff.go.jp/j/council/seisaku/nousin/gizyutu/h26_4/pdf/siryou4_2.pdf},
   year = {2015},
   access = {2023.1.17},
   yomi = {のうりんすいさんしょう},
}
@web_page{Hirose2014,
   author = {駿 廣瀬},
   title = {全海域における台風の統計解析},
   url = {http://www.fudeyasu.ynu.ac.jp/member/thesis/2013-hiroses/hirose2014.html},
   year = {2014},
   access = {2023.1.17},
   yomi = {ひろせ, しゅん},
}
